<record><leader>00000cas a22000007a 4500</leader><controlfield tag="001">13416085</controlfield><controlfield tag="008">860410d188618uuwvuwr ne      0    0eng d</controlfield><datafield ind1=" " ind2=" " tag="010"><subfield code="a">sn 86092473 </subfield></datafield><datafield ind1=" " ind2=" " tag="040"><subfield code="a">WVC</subfield><subfield code="b">eng</subfield><subfield code="c">WVC</subfield><subfield code="d">OCL</subfield><subfield code="d">OCLCQ</subfield><subfield code="d">CSA</subfield><subfield code="d">OCLCO</subfield></datafield><datafield ind1=" " ind2=" " tag="042"><subfield code="a">msc</subfield></datafield><datafield ind1="0" ind2=" " tag="130"><subfield code="a">Freeman (Parkersburg, W. Va.)</subfield></datafield><datafield ind1="1" ind2="4" tag="245"><subfield code="a">The freeman.</subfield></datafield><datafield ind1=" " ind2=" " tag="260"><subfield code="a">Parkersburg, W. Va. :</subfield><subfield code="b">Freeman Publ. Co.,</subfield><subfield code="c">1886-</subfield></datafield><datafield ind1=" " ind2=" " tag="300"><subfield code="a">v.</subfield></datafield><datafield ind1=" " ind2=" " tag="310"><subfield code="a">Weekly</subfield></datafield><datafield ind1="0" ind2=" " tag="362"><subfield code="a">Vol. 6, no. 12 (May 5, 1886)-</subfield></datafield><datafield ind1=" " ind2=" " tag="500"><subfield code="a">"Temperance."</subfield></datafield><datafield ind1=" " ind2=" " tag="500"><subfield code="a">Editor: I.H. Johnson.</subfield></datafield><datafield ind1=" " ind2="0" tag="651"><subfield code="a">Parkersburg (W. Va.)</subfield><subfield code="v">Newspapers.</subfield></datafield><datafield ind1=" " ind2=" " tag="752"><subfield code="a">United States</subfield><subfield code="b">West Virginia</subfield><subfield code="c">Wood</subfield><subfield code="d">Parkersburg.</subfield></datafield><datafield ind1="0" ind2="0" tag="780"><subfield code="t">West Virginia freeman</subfield><subfield code="w">(DLC)sn 86092472</subfield></datafield></record>